<?xml version="1.0" encoding="UTF-8"?>
  <record xmlns="http://www.loc.gov/MARC21/slim" type="Authority">
    <leader>00000nz  a2200000nc 4500</leader>
    <controlfield tag="001">104238690</controlfield>
    <controlfield tag="003">DE-101</controlfield>
    <controlfield tag="005">20191113111806.0</controlfield>
    <controlfield tag="008">960808n||aznnnaabn           | aaa    |c</controlfield>
    <datafield tag="024" ind1="7" ind2=" ">
      <subfield code="a">104238690</subfield>
      <subfield code="0">http://d-nb.info/gnd/104238690</subfield>
      <subfield code="2">gnd</subfield>
    </datafield>
    <datafield tag="035" ind1=" " ind2=" ">
      <subfield code="a">(DE-101)104238690</subfield>
    </datafield>
    <datafield tag="035" ind1=" " ind2=" ">
      <subfield code="a">(DE-588)104238690</subfield>
    </datafield>
    <datafield tag="035" ind1=" " ind2=" ">
      <subfield code="z">(DE-588a)104238690</subfield>
      <subfield code="9">v:zg</subfield>
    </datafield>
    <datafield tag="040" ind1=" " ind2=" ">
      <subfield code="a">DE-12</subfield>
      <subfield code="c">DE-12</subfield>
      <subfield code="9">r:DE-12</subfield>
      <subfield code="b">ger</subfield>
      <subfield code="d">8999</subfield>
    </datafield>
    <datafield tag="042" ind1=" " ind2=" ">
      <subfield code="a">gnd1</subfield>
    </datafield>
    <datafield tag="043" ind1=" " ind2=" ">
      <subfield code="c">XA-DE</subfield>
    </datafield>
    <datafield tag="075" ind1=" " ind2=" ">
      <subfield code="b">p</subfield>
      <subfield code="2">gndgen</subfield>
    </datafield>
    <datafield tag="075" ind1=" " ind2=" ">
      <subfield code="b">piz</subfield>
      <subfield code="2">gndspec</subfield>
    </datafield>
    <datafield tag="079" ind1=" " ind2=" ">
      <subfield code="a">g</subfield>
      <subfield code="q">a</subfield>
      <subfield code="q">f</subfield>
      <subfield code="q">z</subfield>
      <subfield code="u">v</subfield>
      <subfield code="u">k</subfield>
    </datafield>
    <datafield tag="100" ind1="0" ind2=" ">
      <subfield code="a">Anna Eleonore</subfield>
      <subfield code="c">Anhalt-Köthen, Fürstin</subfield>
      <subfield code="d">1651-1690</subfield>
    </datafield>
    <datafield tag="375" ind1=" " ind2=" ">
      <subfield code="a">2</subfield>
      <subfield code="2">iso5218</subfield>
    </datafield>
    <datafield tag="400" ind1="0" ind2=" ">
      <subfield code="a">Anna Eleonore</subfield>
      <subfield code="c">Anhalt, Fürstin</subfield>
      <subfield code="d">1651-1690</subfield>
    </datafield>
    <datafield tag="400" ind1="0" ind2=" ">
      <subfield code="a">Anna Eleonora</subfield>
      <subfield code="c">Anhalt, Fürstin</subfield>
      <subfield code="d">1651-1690</subfield>
    </datafield>
    <datafield tag="400" ind1="0" ind2=" ">
      <subfield code="a">Anne Eleonore</subfield>
      <subfield code="c">Anhalt, Fürstin</subfield>
      <subfield code="d">1651-1690</subfield>
    </datafield>
    <datafield tag="400" ind1="0" ind2=" ">
      <subfield code="a">Anna Eleonora</subfield>
      <subfield code="c">Anhalt-Köthen, Fürstin</subfield>
      <subfield code="d">1651-1690</subfield>
    </datafield>
    <datafield tag="400" ind1="0" ind2=" ">
      <subfield code="a">Anne Eleonore</subfield>
      <subfield code="c">Anhalt-Köthen, Fürstin</subfield>
      <subfield code="d">1651-1690</subfield>
    </datafield>
    <datafield tag="400" ind1="1" ind2=" ">
      <subfield code="a">Stolberg-Wernigerode, Anna Eleonore &#152;zu&#156;</subfield>
      <subfield code="d">1651-1690</subfield>
      <subfield code="4">nafr</subfield>
      <subfield code="4">https://d-nb.info/standards/elementset/gnd#EarlierNameOfThePerson</subfield>
      <subfield code="w">r</subfield>
      <subfield code="i">Frueherer Name</subfield>
      <subfield code="e">Frueherer Name</subfield>
    </datafield>
    <datafield tag="400" ind1="1" ind2=" ">
      <subfield code="a">Stolberg-Wernigerode, Anna Eleonora &#152;zu&#156;</subfield>
      <subfield code="d">1651-1690</subfield>
    </datafield>
    <datafield tag="400" ind1="1" ind2=" ">
      <subfield code="a">Stolberg-Wernigerode, Anne Eleonore &#152;zu&#156;</subfield>
      <subfield code="d">1651-1690</subfield>
    </datafield>
    <datafield tag="400" ind1="1" ind2=" ">
      <subfield code="a">Stolberg, Anna Eleonore &#152;von&#156;</subfield>
      <subfield code="d">1651-1690</subfield>
    </datafield>
    <datafield tag="400" ind1="1" ind2=" ">
      <subfield code="a">Stollberg, Anna Eleonore &#152;von&#156;</subfield>
      <subfield code="d">1651-1690</subfield>
    </datafield>
    <datafield tag="400" ind1="1" ind2=" ">
      <subfield code="a">Stollberg, Anne Eleonore &#152;zu&#156;</subfield>
      <subfield code="d">1651-1690</subfield>
    </datafield>
    <datafield tag="400" ind1="1" ind2=" ">
      <subfield code="a">Stolberg, Anna Eleonore &#152;zu&#156;</subfield>
      <subfield code="d">1651-1690</subfield>
    </datafield>
    <datafield tag="400" ind1="1" ind2=" ">
      <subfield code="a">Stolberg, Anne Eleonore &#152;zu&#156;</subfield>
      <subfield code="d">1651-1690</subfield>
    </datafield>
    <datafield tag="400" ind1="1" ind2=" ">
      <subfield code="a">Stolberg, Anna Eleonora &#152;zu&#156;</subfield>
      <subfield code="d">1651-1690</subfield>
    </datafield>
    <datafield tag="500" ind1="1" ind2=" ">
      <subfield code="0">(DE-101)130668141</subfield>
      <subfield code="0">(DE-588)130668141</subfield>
      <subfield code="0">https://d-nb.info/gnd/130668141</subfield>
      <subfield code="a">Stolberg-Wernigerode, Heinrich Ernst &#152;zu&#156;</subfield>
      <subfield code="d">1593-1672</subfield>
      <subfield code="4">bezf</subfield>
      <subfield code="4">https://d-nb.info/standards/elementset/gnd#familialRelationship</subfield>
      <subfield code="w">r</subfield>
      <subfield code="i">Beziehung familiaer</subfield>
      <subfield code="e">Beziehung familiaer</subfield>
      <subfield code="9">v:Vater</subfield>
    </datafield>
    <datafield tag="500" ind1="0" ind2=" ">
      <subfield code="0">(DE-101)116491779</subfield>
      <subfield code="0">(DE-588)116491779</subfield>
      <subfield code="0">https://d-nb.info/gnd/116491779</subfield>
      <subfield code="a">Emanuel</subfield>
      <subfield code="c">Anhalt-Köthen, Fürst</subfield>
      <subfield code="d">1631-1670</subfield>
      <subfield code="4">bezf</subfield>
      <subfield code="4">https://d-nb.info/standards/elementset/gnd#familialRelationship</subfield>
      <subfield code="w">r</subfield>
      <subfield code="i">Beziehung familiaer</subfield>
      <subfield code="e">Beziehung familiaer</subfield>
      <subfield code="9">v:Ehemann</subfield>
    </datafield>
    <datafield tag="500" ind1="0" ind2=" ">
      <subfield code="0">(DE-101)120816067</subfield>
      <subfield code="0">(DE-588)120816067</subfield>
      <subfield code="0">https://d-nb.info/gnd/120816067</subfield>
      <subfield code="a">Emanuel Leberecht</subfield>
      <subfield code="c">Anhalt-Köthen, Fürst</subfield>
      <subfield code="d">1671-1704</subfield>
      <subfield code="4">bezf</subfield>
      <subfield code="4">https://d-nb.info/standards/elementset/gnd#familialRelationship</subfield>
      <subfield code="w">r</subfield>
      <subfield code="i">Beziehung familiaer</subfield>
      <subfield code="e">Beziehung familiaer</subfield>
      <subfield code="9">v:Sohn</subfield>
    </datafield>
    <datafield tag="548" ind1=" " ind2=" ">
      <subfield code="a">1651-1690</subfield>
      <subfield code="4">datl</subfield>
      <subfield code="4">https://d-nb.info/standards/elementset/gnd#dateOfBirthAndDeath</subfield>
      <subfield code="w">r</subfield>
      <subfield code="i">Lebensdaten</subfield>
    </datafield>
    <datafield tag="667" ind1=" " ind2=" ">
      <subfield code="a">3</subfield>
    </datafield>
    <datafield tag="667" ind1=" " ind2=" ">
      <subfield code="a">VD-17</subfield>
    </datafield>
    <datafield tag="672" ind1=" " ind2="0">
      <subfield code="a">Sachse, Johann: Christ-Fürstliches Ehren-Gedächtnis ... - 1692</subfield>
    </datafield>
    <datafield tag="678" ind1=" " ind2=" ">
      <subfield code="b">Tochter des Grafen Heinrich Ernst zu Stolberg; ab 1670 Ehefrau von Fürst Emanuel von Anhalt-Köthen</subfield>
    </datafield>
    <datafield tag="913" ind1=" " ind2=" ">
      <subfield code="S">pnd</subfield>
      <subfield code="i">5</subfield>
      <subfield code="a">Anna Eleonore &lt;Anhalt, Fürstin&gt;</subfield>
      <subfield code="0">(DE-588a)104238690</subfield>
    </datafield>
  </record>
